<record><leader>00000cas a2200000 a 4500</leader><controlfield tag="001">12719414</controlfield><controlfield tag="008">851025c19169999waumr ne      0   a0eng c</controlfield><datafield ind1=" " ind2=" " tag="010"><subfield code="a">sn 85038566 </subfield></datafield><datafield ind1=" " ind2=" " tag="040"><subfield code="a">NPY</subfield><subfield code="b">eng</subfield><subfield code="c">NPY</subfield><subfield code="d">NPH</subfield><subfield code="d">SLZ</subfield><subfield code="d">NST</subfield><subfield code="d">YOX</subfield><subfield code="d">DLC</subfield><subfield code="d">NVF</subfield><subfield code="d">EYM</subfield><subfield code="d">CVF</subfield><subfield code="d">NVF</subfield><subfield code="d">OCL</subfield><subfield code="d">WAU</subfield><subfield code="d">OCLCQ</subfield><subfield code="d">OCLCF</subfield><subfield code="d">OCLCO</subfield></datafield><datafield ind1=" " ind2=" " tag="012"><subfield code="i">9103</subfield></datafield><datafield ind1="1" ind2=" " tag="029"><subfield code="a">AU@</subfield><subfield code="b">000000906630</subfield></datafield><datafield ind1=" " ind2=" " tag="042"><subfield code="a">pcc</subfield></datafield><datafield ind1=" " ind2=" " tag="043"><subfield code="a">n-us-wa</subfield></datafield><datafield ind1=" " ind2="4" tag="050"><subfield code="a">HD6500</subfield><subfield code="b">.I6</subfield></datafield><datafield ind1="0" ind2=" " tag="130"><subfield code="a">Industrial worker (Seattle, Wash.)</subfield></datafield><datafield ind1="1" ind2="0" tag="245"><subfield code="a">Industrial worker.</subfield></datafield><datafield ind1="1" ind2="7" tag="246"><subfield code="a">Semi-weekly industrial worker</subfield><subfield code="f">Aug. 1-Oct. 6, 1917</subfield></datafield><datafield ind1="1" ind2="7" tag="246"><subfield code="a">Weekly industrial worker</subfield><subfield code="f">Oct. 13, 1917-Jan. 27, 1923</subfield></datafield><datafield ind1="1" ind2="7" tag="246"><subfield code="a">Bi-weekly industrial worker</subfield><subfield code="f">Oct. 15, 1954-Aug. 5, 1964</subfield></datafield><datafield ind1=" " ind2=" " tag="260"><subfield code="a">Seattle, Wash. :</subfield><subfield code="b">Industrial Workers of the World,</subfield><subfield code="c">1916-</subfield></datafield><datafield ind1=" " ind2=" " tag="300"><subfield code="a">v.</subfield></datafield><datafield ind1=" " ind2=" " tag="310"><subfield code="a">Monthly,</subfield><subfield code="b">Mar. 1965-</subfield></datafield><datafield ind1=" " ind2=" " tag="321"><subfield code="a">Weekly,</subfield><subfield code="b">Apr. 1, 1916-July 28, 1917</subfield></datafield><datafield ind1=" " ind2=" " tag="321"><subfield code="a">Biweekly,</subfield><subfield code="b">July 30, 1917</subfield></datafield><datafield ind1=" " ind2=" " tag="321"><subfield code="a">Semiweekly,</subfield><subfield code="b">Aug. 1-Oct. 6, 1917</subfield></datafield><datafield ind1=" " ind2=" " tag="321"><subfield code="a">Weekly,</subfield><subfield code="b">Oct. 13, 1917-Jan. 27, 1923</subfield></datafield><datafield ind1=" " ind2=" " tag="321"><subfield code="a">Semiweekly,</subfield><subfield code="b">Jan. 31, 1923-May 30, 1925</subfield></datafield><datafield ind1=" " ind2=" " tag="321"><subfield code="a">Weekly,</subfield><subfield code="b">June 6, 1925-Oct. 1, 1954</subfield></datafield><datafield ind1=" " ind2=" " tag="321"><subfield code="a">Biweekly,</subfield><subfield code="b">Oct. 15, 1954-Aug. 5, 1964</subfield></datafield><datafield ind1=" " ind2=" " tag="321"><subfield code="a">Every third week,</subfield><subfield code="b">Oct. 21, 1964-Feb. 3, 1965</subfield></datafield><datafield ind1="0" ind2=" " tag="362"><subfield code="a">Vol. 1, no. 1 (Apr. 1, 1916)-</subfield></datafield><datafield ind1=" " ind2=" " tag="500"><subfield code="a">Published in Seattle, Wash., 1916-Dec. 1, 1931, in Chicago, Ill., Dec. 8, 1931-Sept. 1983, in Washington, D.C., Oct. 1983-July 1984, in Chicago, Ill., Aug. 1984-Feb. 1995, and in Ypsilanti, Mich., Mar. 1995-</subfield></datafield><datafield ind1=" " ind2=" " tag="515"><subfield code="a">Suspended after Aug. 5, 1964 issue; resumed with Oct. 21, 1964 issue.</subfield></datafield><datafield ind1=" " ind2=" " tag="515"><subfield code="a">Issues for &lt;Feb. 17, 1917-May 4, 1918&gt; called also &lt;whole no. 45-whole no. 118&gt;.</subfield></datafield><datafield ind1=" " ind2=" " tag="515"><subfield code="a">Issues for Jan. 8, 1921-Feb. 22, 1936 called also whole no. 90-whole no. 1000.</subfield></datafield><datafield ind1=" " ind2=" " tag="515"><subfield code="a">Issues for Feb. 29, 1936- called also whole no. 1-</subfield></datafield><datafield ind1=" " ind2=" " tag="525"><subfield code="a">Supplement: Lumberjack bulletin, Mar. 9-May &lt;4&gt;, 1918.</subfield></datafield><datafield ind1=" " ind2=" " tag="550"><subfield code="a">Official organ of the western branches of the I.W.W.</subfield></datafield><datafield ind1=" " ind2="0" tag="650"><subfield code="a">Labor unions</subfield><subfield code="z">United States</subfield><subfield code="v">Newspapers.</subfield></datafield><datafield ind1=" " ind2="0" tag="650"><subfield code="a">Labor movement</subfield><subfield code="z">United States</subfield><subfield code="v">Newspapers.</subfield></datafield><datafield ind1=" " ind2="7" tag="655"><subfield code="a">Newspapers.</subfield><subfield code="2">fast</subfield><subfield code="0">(OCoLC)fst01423814</subfield></datafield><datafield ind1=" " ind2="7" tag="650"><subfield code="a">Labor movement.</subfield><subfield code="2">fast</subfield><subfield code="0">(OCoLC)fst00990079</subfield></datafield><datafield ind1=" " ind2="7" tag="650"><subfield code="a">Labor unions.</subfield><subfield code="2">fast</subfield><subfield code="0">(OCoLC)fst00990260</subfield></datafield><datafield ind1=" " ind2="7" tag="651"><subfield code="a">United States.</subfield><subfield code="2">fast</subfield><subfield code="0">(OCoLC)fst01204155</subfield></datafield><datafield ind1="2" ind2=" " tag="710"><subfield code="a">Industrial Workers of the World.</subfield></datafield><datafield ind1="0" ind2=" " tag="730"><subfield code="a">Lumberjack bulletin.</subfield></datafield><datafield ind1=" " ind2=" " tag="752"><subfield code="a">United States</subfield><subfield code="b">Michigan</subfield><subfield code="c">Washtenaw</subfield><subfield code="d">Ypsilanti.</subfield></datafield><datafield ind1=" " ind2=" " tag="752"><subfield code="a">United States</subfield><subfield code="b">Washington</subfield><subfield code="c">King</subfield><subfield code="d">Seattle.</subfield></datafield><datafield ind1=" " ind2=" " tag="752"><subfield code="a">United States</subfield><subfield code="b">Illinois</subfield><subfield code="c">Cook</subfield><subfield code="d">Chicago.</subfield></datafield><datafield ind1=" " ind2=" " tag="752"><subfield code="a">United States</subfield><subfield code="b">District of Columbia</subfield><subfield code="d">Washington.</subfield></datafield><datafield ind1="0" ind2="5" tag="780"><subfield code="t">Industrial solidarity</subfield><subfield code="w">(DLC)sn 92060422</subfield><subfield code="w">(OCoLC)1781421</subfield></datafield><datafield ind1=" " ind2=" " tag="850"><subfield code="a">KU-S</subfield></datafield><datafield ind1=" " ind2=" " tag="936"><subfield code="a">RECORD REPORTED FOR DELETION -- use #1753113</subfield></datafield></record>